<record><leader>00000cas a22000007a 4500</leader><controlfield tag="001">11485606</controlfield><controlfield tag="008">841212d19051906mtuwr ne      0    0eng d</controlfield><datafield ind1=" " ind2=" " tag="010"><subfield code="a">sn 84036283 </subfield></datafield><datafield ind1=" " ind2=" " tag="040"><subfield code="a">MTL</subfield><subfield code="b">eng</subfield><subfield code="c">MTL</subfield><subfield code="d">OCLCQ</subfield></datafield><datafield ind1=" " ind2=" " tag="042"><subfield code="a">msc</subfield></datafield><datafield ind1="0" ind2=" " tag="130"><subfield code="a">Carbon County gazette (Red Lodge, Mont.)</subfield></datafield><datafield ind1="1" ind2="0" tag="245"><subfield code="a">Carbon County gazette.</subfield></datafield><datafield ind1=" " ind2=" " tag="260"><subfield code="a">Red Lodge, Mont. :</subfield><subfield code="b">Gazette Pub. Co.,</subfield><subfield code="c">1905-</subfield></datafield><datafield ind1=" " ind2=" " tag="300"><subfield code="a">v. :</subfield><subfield code="b">ill.</subfield></datafield><datafield ind1=" " ind2=" " tag="310"><subfield code="a">Weekly</subfield></datafield><datafield ind1="0" ind2=" " tag="362"><subfield code="a">Vol. 1, no. 1 (Mar. 2, 1905)-</subfield></datafield><datafield ind1=" " ind2=" " tag="500"><subfield code="a">Last issue located: Vol. 1, no. 51 (Feb. 16, 1906).</subfield></datafield><datafield ind1=" " ind2=" " tag="500"><subfield code="a">"Socialist." Cf. Montana news [state Socialist organ], Feb. 28, 1906.</subfield></datafield><datafield ind1=" " ind2=" " tag="752"><subfield code="a">United States</subfield><subfield code="b">Montana</subfield><subfield code="c">Carbon</subfield><subfield code="d">Red Lodge.</subfield></datafield><datafield ind1="1" ind2=" " tag="029"><subfield code="a">AU@</subfield><subfield code="b">000025812004</subfield></datafield></record>